@string(RED="Review of Economic Dynamics")
@string(JME="Journal of Monetary Economics")
@string(JAE="Journal of Applied Econometrics")
@string(JEDC="Journal of Economic Dynamics and Control")
@string(AER="American Economic Review")
@string(JMCB="Journal of Money, Credit and Banking")
@string(RES="Review of Economics and Statistics");


@book{hamilton,
  author="James Hamilton",
  title="Time Series Analysis",
  publisher="Princeton University Press",
  year=1994
}

@article{hamilton1989,
  author="James Hamilton",
  title="A New Approach to the Economic Analysis of Nonstationary Time Series and the Business Cycle",
  journal="Econometrica",
  volume=57,
  pages="357-384",
  year=1989
}


@article{kim1994,
  author="Chang-Jin Kim",
  title="Dynamic Linear Models with Markov-Switching",
  journal="Journal of Econometrics",
  volume=60,
  pages="1-22",
  year=1994
}

@article{kimnelson1999,
  author="Chang-Jin Kim and Charles R. Nelson",
  title="Has the U.S. Economy Become More Stable?  A Bayesian Appoach Based on a Markov-Switching Model of the Business Cycle",
  journal="Review of Economics and Statistics",
  volume=81,
  issue=4,
  pages="608-616",
  year=1999
}

@article{baiperron,
  author="Jushan Bai and Pierre Perron",
  title="Estimating and Testing Linear Models with Multiple Structural Changes",
  journal="Econometrica",
  volume=66,
  issue=1,
  pages="47-78",
  year=1998
}



@book{kimnelson,
  author="Chang-Jin Kim and Charles R. Nelson",
  title="State-Space Models with Regime Switching: Classical and Gibbs-Sampling Approaches with Applications",
  publisher="MIT Press",
  year=1999
}

@article{burgerwalters,
  author="John D. Burger and Stephen J. K. Walters",
  title="Market Size, Pay, and Performance: A General Model and Application to Major League Baseball",
  journal="Journal of Sports Economics",
  volume=4,
  issue=2,
  pages="108-225",
  year=2003
}

@misc{bbref,
  author="{Baseball-Reference.com}",
  howpublished="http://www.baseball-reference.com",
  year="Accessed January 2010"
}

@incollection{fort,
  author="Rodney Fort",
  title="Pay and Performance: Is the Field of Dreams Barren?",
  booktitle="Diamonds Are Forever: The Business of Baseball",
  editor="Paul M. Sommers",
  publisher="Washington D.C.: Brookings",
  pages="134-162",
  year=1992
}

@article{frank1984,
  author="Robert H. Frank",
  title="Are Workers Paid Their Marginal Products?",
  journal=AER,
  volume=74,
  issue=4,
  pages="549-571",
  year=1984
}

@article{haupert2009,
  title="Player Pay and Productivity in the Reserve Clause and Collusion Eras",
  author="Michael J. Haupert",
  journal="Nine: A Journal of Baseball History and Culture",
  pages="63-85",
  volume=18,
  issue=1,
  year=2009
}

@article{hv1995,
  title="A Critical Look at Some Analyses of Major League Baseball Salaries",
  author="David C. Hoaglin and Paul F. Velleman",
  journal="The American Statistician",
  volume=49,
  issue=3,
  pages="277-285",
  year=1995
}

@article{kahn1993,
  title="Free Agency, Long-Term Contracts and Compensation in Major League Baseball: Estimates from Panel Data",
  author="Lawrence M. Kahn",
  journal="The Review of Economics and Statistics",
  volume=75,
  issue=1,
  pages="157-164",
  year=1993
}

@article{kahn2000,
  title="The Sports Business as a Labor Market Laboratory",
  author="Lawrence M. Kahn",
  journal="Journal of Economic Perspectives",
  volume=14,
  issue=3,
  pages="75-94",
  year=2000
}

@article{krautmann1999,
  author="Anthony C. Krautmann",
  title="What's Wrong with Scully-Estimates of a Player's Marginal Revenue Product?",
  journal="Economic Inquiry",
  volume=37,
  issue=2,
  pages="369-381",
  year=1999
}

@article{kgh2003,
  title="A Note on the Structural Stability of Salary Equations: Major League Baseball Pitchers",
  author="Anthony C. Krautmann and Elizabeth Gustafson and Lawrence Hadley",
  journal="Journal of Sports Economics",
  volume=4,
  issue=1,
  pages="56-63",
  year=2003
}

@article{ko2002,
  title="Contract Length and the Return to Performance in Major League Baseball",
  author="Anthony C. Krautmann and Margaret Oppenheimer",
  journal="Journal of Sports Economics",
  volume=3,
  issue=1,
  pages="6-17",
  year=2002
}

@book{lowenfish,
  title="The Imperfect Diamond: Baseball's Labor Wars",
  author="Lee Lowenfish",
  publisher="New York: Da Capo Press",
  year=1980
}

@article{mr1994,
  title="Are Baseball Players Paid Their Marginal Products?",
  author="Don N. MacDonald and Morgan O. Reynolds",
  journal="Managerial and Decision Economics",
  volume=15,
  issue=5,
  pages="443-457",
  year=1994,
}

@article{medoff,
  title="On Monopsonistic Exploitation in Professional Baseball",
  author="Marshall H. Medoff",
  journal="Quarterly Review of Economics and Business",
  volume=16,
  pages="113-121",
  year=1976
}

@misc{hallfame,
  author="{National Baseball Hall of Fame}",
  note="Transaction Card Database",
  year=2010
}

@misc{schechter,
  author="Gabe Schechter",
  title="8th Inning Relievers: What are They Good For?",
  note="Presentation at SABR National Conference, Seattle, WA",
  year=2006
}

@article{scully1974,
  author="Gerald W. Scully",
  title="Pay and Performance in Major League Baseball",
  journal="The American Economic Review",
  volume=64,
  issue=6,
  pages="915-930",
  year=1974
}

@book{scully1989,
  author="Gerald W. Scully",
  title="The Business of Major League Baseball",
  publisher="Chicago: University of Chicago Press",
  year=1989
}

@book{seymour,
  author="Harold Seymour",
  title="Baseball: The Early Years",
  publisher="New York: Oxford University Press",
  year=1960
}

@incollection{zimbalist1,
  author="Andrew Zimbalist",
  title="Salaries and Performance: Beyond the Scully Model",
  booktitle="Diamonds Are Forever: The Business of Baseball",
  editor="Paul M. Sommers",
  publisher="Washington D.C.: Brookings",
  pages="109-133",
  year=1992
}

@book{zimbalist2,
  author="Andrew Zimbalist",
  title="Baseball and Billions",
  publisher="New York: Basic Books",
  year=1992
}
  
@book{miller1991,
  author="Marvin Miller",
  title="A Whole Different Game: The Sport and Business of Baseball",
  publisher="Seacaucus, NJ: Carol Publishing Group",
  year=1991,
}